@inproceedings{spielman2007spectral,
  title={Spectral graph theory and its applications},
  author={Spielman, Daniel A},
  booktitle={48th Annual IEEE Symposium on Foundations of Computer Science (FOCS'07)},
  pages={29--38},
  year={2007},
  organization={IEEE}
}